<?xml version="1.0" encoding="utf-8"?>
<record xmlns="http://www.loc.gov/MARC21/slim" xmlns:xsi="http://www.w3.org/2001/XMLSchema-instance" xsi:schemaLocation="http://www.loc.gov/MARC21/slim http://www.loc.gov/standards/marcxml/schema/MARC21slim.xsd">
	<leader>
		01940nam a2200385   4500
	</leader>
	<controlfield tag="001">
		001676862
	</controlfield>
	<controlfield tag="003">
		NNU
	</controlfield>
	<controlfield tag="006">
		m        d        
	</controlfield>
	<controlfield tag="007">
		cr cn |||m|||a
	</controlfield>
	<controlfield tag="008">
		151105s1955    ua      o     000 0 ara d
	</controlfield>
	<datafield ind1=" " ind2=" " tag="040">
		<subfield code="a">
			NNU
		</subfield>
		<subfield code="b">
			eng
		</subfield>
		<subfield code="c">
			NNU
		</subfield>
	</datafield>
	<datafield ind1=" " ind2=" " tag="066">
		<subfield code="c">
			(3
		</subfield>
	</datafield>
	<datafield ind1=" " ind2=" " tag="090">
		<subfield code="a">
			CT21
		</subfield>
		<subfield code="b">
			.H3
		</subfield>
	</datafield>
	<datafield ind1="0" ind2="3" tag="245">
		<subfield code="6">
			880-01
		</subfield>
		<subfield code="a">
			al-Tarājim wa-al-siyar
		</subfield>
		<subfield code="h">
			[electronic resource] /
		</subfield>
		<subfield code="c">
			yashtariku fī waḍʻ hādhihi al-majmūʻah lajnah min udabāʼ al-aqṭār al-ʻArabīyah.
		</subfield>
	</datafield>
	<datafield ind1=" " ind2=" " tag="260">
		<subfield code="6">
			880-02
		</subfield>
		<subfield code="a">
			[al-Qāhirah] :
		</subfield>
		<subfield code="b">
			Dār al-Maʻārif,
		</subfield>
		<subfield code="c">
			[1955]
		</subfield>
	</datafield>
	<datafield ind1=" " ind2=" " tag="300">
		<subfield code="a">
			online resource (110 p.)
		</subfield>
	</datafield>
	<datafield ind1="1" ind2=" " tag="490">
		<subfield code="6">
			880-03
		</subfield>
		<subfield code="a">
			Funūn al-adab al-ʻArabī. Fann al-qaṣaṣī ;
		</subfield>
		<subfield code="v">
			2
		</subfield>
	</datafield>
	<datafield ind1=" " ind2=" " tag="500">
		<subfield code="a">
			Introduction signed: Muḥammad ʻAbd al-Ghanī Ḥasan.
		</subfield>
	</datafield>
	<datafield ind1=" " ind2=" " tag="500">
		<subfield code="a">
			Part of the Arabic Collections Online (ACO) project, contributed by New York Univeristy Libraries.
		</subfield>
	</datafield>
	<datafield ind1=" " ind2=" " tag="533">
		<subfield code="a">
			Electronic reproduction.
		</subfield>
		<subfield code="b">
			New York, N.Y. :
		</subfield>
		<subfield code="c">
			New York University,
		</subfield>
		<subfield code="d">
			2015.
		</subfield>
		<subfield code="5">
			NNU
		</subfield>
	</datafield>
	<datafield ind1=" " ind2="0" tag="650">
		<subfield code="a">
			Biography as a literary form.
		</subfield>
	</datafield>
	<datafield ind1=" " ind2="0" tag="650">
		<subfield code="a">
			Arabic prose literature
		</subfield>
		<subfield code="x">
			History and criticism.
		</subfield>
	</datafield>
	<datafield ind1="1" ind2=" " tag="700">
		<subfield code="6">
			880-04
		</subfield>
		<subfield code="a">
			Ḥasan, Muḥammad ʻAbd al-Ghanī.
		</subfield>
	</datafield>
	<datafield ind1="2" ind2=" " tag="710">
		<subfield code="a">
			New York University.
		</subfield>
		<subfield code="b">
			Libraries.
		</subfield>
	</datafield>
	<datafield ind1="0" ind2=" " tag="730">
		<subfield code="a">
			Arabic Collections Online.
		</subfield>
	</datafield>
	<datafield ind1="0" ind2="8" tag="776">
		<subfield code="i">
			Print version:
		</subfield>
		<subfield code="t">
			al-Tarājim wa-al-siyar
		</subfield>
		<subfield code="w">
			(NNU)001676862
		</subfield>
		<subfield code="w">
			(DLC)ne 66000555
		</subfield>
	</datafield>
	<datafield ind1="4" ind2="0" tag="856">
		<subfield code="u">
			http://hdl.handle.net/2333.1/2jm641nb
		</subfield>
	</datafield>
	<datafield ind1="0" ind2="2" tag="880">
		<subfield code="6">
			245-01/
		</subfield>
		<subfield code="a">
			التراجم والسير /
		</subfield>
		<subfield code="c">
			يشترك في وضع هذه المجموعة لجنة من أدباء الأقطار العربية.
		</subfield>
	</datafield>
	<datafield ind1=" " ind2=" " tag="880">
		<subfield code="6">
			260-02/
		</subfield>
		<subfield code="a">
			[القاهرة] :
		</subfield>
		<subfield code="b">
			دار المعارف،
		</subfield>
		<subfield code="c">
			[1955]
		</subfield>
	</datafield>
	<datafield ind1="1" ind2=" " tag="880">
		<subfield code="6">
			490-03/
		</subfield>
		<subfield code="a">
			فنون الأدب العربي.
		</subfield>
		<subfield code="p">
			فن القصصي ؛
		</subfield>
		<subfield code="v">
			2
		</subfield>
	</datafield>
	<datafield ind1="1" ind2=" " tag="880">
		<subfield code="6">
			700-04/
		</subfield>
		<subfield code="a">
			حسن، محمد عبد الغني.
		</subfield>
	</datafield>
	<datafield ind1=" " ind2="0" tag="830">
		<subfield code="6">
			880-05
		</subfield>
		<subfield code="a">
			Funūn al-adab al-ʻArabī.
		</subfield>
		<subfield code="p">
			Fann al-qaṣaṣī ;
		</subfield>
		<subfield code="v">
			2.
		</subfield>
	</datafield>
	<datafield ind1=" " ind2="0" tag="880">
		<subfield code="6">
			830-05/
		</subfield>
		<subfield code="a">
			فنون الأدب العربي.
		</subfield>
		<subfield code="p">
			فن القصصي ؛
		</subfield>
		<subfield code="v">
			2
		</subfield>
	</datafield>
	<datafield ind1=" " ind2=" " tag="959">
		<subfield code="a">
			NNU
		</subfield>
		<subfield code="b">
			WEB
		</subfield>
		<subfield code="c">
			GENI
		</subfield>
		<subfield code="t">
			0
		</subfield>
		<subfield code="m">
			Electronic access
		</subfield>
		<subfield code="s">
			01
		</subfield>
	</datafield>
	<datafield ind1=" " ind2=" " tag="999">
		<subfield code="i">
			NNU_001676862
		</subfield>
		<subfield code="s">
			nyu_aco001231
		</subfield>
	</datafield>
</record>
